@article{McGeer01041990,
  author = {McGeer, Tad}, 
  title = {\href{http://ijr.sagepub.com/content/9/2/62.abstract}{Passive Dynamic Walking}}, 
  volume = {9}, 
  number = {2}, 
  pages = {62-82}, 
  year = {1990}, 
  doi = {10.1177/027836499000900206}, 
  URL = {http://ijr.sagepub.com/content/9/2/62.abstract}, 
  eprint = {http://ijr.sagepub.com/content/9/2/62.full.pdf+html}, 
  journal = {The International Journal of Robotics Research}
}

@article{kalman1960new,
  title={A new approach to linear filtering and prediction problems},
  author={Kalman, R.E.},
  journal={Journal of Basic Engineering},
  volume={82},
  number={1},
  pages={35--45},
  year={1960},
  publisher={Citeseer}
}

@inproceedings{Lien:2005,
  title={Planning motion in environments with similar obstacles},
  author={J. Lien and Y. Lu},
  booktitle={Proceedings of the Robotics, Science and Systems Conference},
  year={2005}
}

@inproceedings{PhillipsRSS:2012,
  title={{E-Graphs: Bootstrapping Planning with Experience Graphs}},
  author={Mike Phillips and Benjamin Cohen and Sachin Chitta and Maxim Likhachev},
  booktitle={Proceedings of the Robotics, Science and Systems Conference},
  year={2012}
}

@inproceedings{Bruce:2002,
  title={Real-time Randomized Path Planning for Robot Navigation},
  author={J. Bruce and M. Veloso},
  booktitle={IEEE/RSJ International Conference on Intelligent Robots and Systems},
  year={2002}
}

@inproceedings{Zucker:2007,
  title={Multipartite RRTs for Rapid Replanning in Dynamic Environments},
  author={M. Zucker and J. Kuffner and M. Branicky},
  booktitle={IEEE International Conference on Robotics and Automation},
  year={2007}
}

@inproceedings{Ferguson:2006,
  title={Replanning with RRTs},
  author={D. Ferguson and N. Kalra and A. T. Stenz},
  booktitle={IEEE International Conference on Robotics and Automation},
  month={May},
  year={2006}
}

@inproceedings{Martin:2007,
  title={Offline and Online Evolutionary Bi-Directional RRT Algorithms for Efficient Re-Planning in Environments with Moving Obstacles},
  author={S. Martin and S. Wright and J. Sheppard},
  booktitle={IEEE Conference on Automation Science and Engineering},
  year={2007}
}

@inproceedings{Atkeson:2003,
  title={Nonparametric representation of policies and value functions: A trajectory-based approach},
  author={C. Atkeson and J. Morimoto},
  booktitle={Advances in Neural Information Processing Systems (NIPS)},
  year={2003}
}

@inproceedings{Stolle:2006,
  title={Policies based on trajectory libraries},
  author={M. Stolle and C. Atkeson},
  booktitle={IEEE International Conference on Robotics and Automation},
  year={2006}
}

@inproceedings{Tassa:2008,
  title={Receding horizon differential dynamic programming},
  author={Y. Tassa and T. Erez and W. Smart},
  booktitle={Advances in Neural Information Processing Systems (NIPS)},
  year={2008}
}

@inproceedings{Liu:2009,
  title={Standing balance control using a trajectory library},
  author={C. Liu and C. G. Atkeson},
  booktitle={IEEE/RSJ International Conference on Intelligent Robots and Systems},
  year={2009}
}

@inproceedings{Stolle:2007,
  title={Transfer of policies based on trajectory libraries},
  author={M. Stolle and H. Tappeiner and J. Chestnutt and C. Atkeson},
  booktitle={IEEE/RSJ International Conference on Intelligent Robots and Systems},
  year={2007}
}

@inproceedings{Jetchev:2010,
  title={Trajectory prediction: Learning to map situations to robot trajectories},
  author={Nikolay Jetchev and Marc Toussaint},
  booktitle={IEEE International Conference on Robotics and Automation},
  year={2010}
}

@inproceedings{Jiang:2007,
  title={Learning Humanoid Reaching Tasks in Dynamic Environments},
  author={Xiaoxi Jiang and Marcelo Kallmann},
  booktitle={IEEE International Conference on Intelligent Robots and Systems},
  year={2007}
}

@article{Kavraki:1996,
  author = {L. E. Kavraki and P. Svestka and J.-C Latombe and M. H. Overmars}, 
  title = {PRobabilistic Roadmaps for Path Planning in High-dimensional Configuration Spaces}, 
  volume = {12}, 
  number = {4}, 
  pages = {566-580}, 
  year = {1996}, 
  journal = {IEEE Transactions on Robotics and Automation}
}

@inproceedings{Branicky:2008,
  title={Path and Trajectory Diversity: Theory and Algorithms},
  author={Michael S. Branicky and Ross A. Knepper and James J. Kuffner},
  booktitle={IEEE International Conference on Robotics and Automation},
  year={2008}
}

@INPROCEEDINGS{Cohen:2011,
  author={Cohen, B.J. and Subramanian, G. and Chitta, S. and Likhachev, M.},
  booktitle={Robotics and Automation (ICRA), 2011 IEEE International Conference on},
  title={Planning for Manipulation with Adaptive Motion Primitives},
  year={2011}
}

@inProceedings{Likhachev:2004,
  author = "M. Likhachev and G. Gordon and S. Thrun",
  title = "{ARA*}: Anytime {A*} with provable bounds on sub-optimality",
  booktitle = "Advances in Neural Information Processing Systems (NIPS) 16",
  publisher = "Cambridge, MA: MIT Press",
  year = 2003
}

@inProceedings{Likhachev:2005,
  author = "M. Likhachev and D. Ferguson and G. Gordon and A. Stenz and S. Thrun",
  title = "{{Anytime dynamic A*: An anytime replanning algorithm}}",
  booktitle = "International Conference on Automated Planning and Scheduling",
  publisher = "AAAI",
  year = {2005},
  location = "Monterey, California"
}

@article{Pohl:1970,
  AUTHOR = {I. Pohl},
  TITLE = {First results on the effect of error in heuristic search},
  YEAR = 1970,
  journal = {Machine Intelligence},
  volume = {5},
  EDITOR = {B. Meltzer and D. Michie},
  PUBLISHER = {American Elsevier},
  ADDRESS = {New York},
  PAGES = {219-236}
}

@inProceedings{Sanchez:2001,
  author = {Gildardo Sanchez and Jean-claude Latombe},
  title = {A Single-Query Bi-Directional Probabilistic Roadmap Planner with Lazy Collision Checking},
  year = {2001},
  booktitle = {International Symposium on Robotics Research}
}

@article{saoke78,
  author = {Sakoe, Hiroaki and Chiba, Seibi},
  journal = {IEEE Transactions on Acoustics, Speech, and Signal Processing},
  title = {Dynamic programming algorithm optimization for spoken word recognition},
  volume = {26},
  year = {1978}
}

@inproceedings{Berenson:2012,
  author    = {Dmitry Berenson and Pieter Abbeel and Ken Goldberg},
  title     = {A robot path planning framework that learns from experience},
  booktitle = {ICRA},
  year      = {2012}
}

@inproceedings{Kuffner:2000,
  author    = {James J. Kuffner Jr. and Steven M. LaValle},
  title     = {RRT-Connect: An Efficient Approach to Single-Query Path Planning},
  booktitle = {ICRA},
  year      = {2000}
}

@inproceedings{Karaman:2010,
  Address = {Zaragoza, Spain},
  Author = {S. Karaman and E. Frazzoli},
  Booktitle = {Robotics: Science and Systems (RSS)},
  Month = {June},
  Title = {Incremental Sampling-based Algorithms for Optimal Motion Planning},
  Year = {2010}
}

@article{ompl,
  Author = {Ioan A. \c{S}ucan and Mark Moll and Lydia E. Kavraki},
  Journal = {{IEEE} Robotics \& Automation Magazine},
  Note = {To appear.},
  Title = {The {O}pen {M}otion {P}lanning {L}ibrary},
  Url = {http://ompl.kavrakilab.org},
  Year = {2012}
}

@inproceedings{Knepper:2006,
  author = {Knepper, Ross A. and Kelly, Alonzo},
  booktitle = {IROS},
  pages = {3375-3380},
  publisher = {IEEE},
  title = {High Performance State Lattice Planning Using Heuristic Look-Up Tables.},
  year = 2006
}

@article{Likhachev:2009,
  author = {Likhachev, Maxim and Ferguson, Dave},
  title = {Planning Long Dynamically Feasible Maneuvers for Autonomous Vehicles},
  journal = {The International Journal of Robotics Research},
  volume = {28},
  number = {8},
  month = {August},
  year = {2009},
  pages = {933--945}
} 

@inproceedings{Koenig:2002,
  author    = {Sven Koenig and Maxim Likhachev},
  title     = {D* Lite},
  booktitle = {AAAI},
  year      = {2002},
  pages     = {476-483},
}

@inproceedings{Stentz:1995,
  author = "Anthony (Tony) Stentz",
  title = "The Focussed D* Algorithm for Real-Time Replanning",
  booktitle = "Proceedings of the International Joint Conference on Artificial Intelligence",
  month = "August",
  year = "1995",
} 

@inproceedings{Phillips:2012,
  author    = {Michael Phillips and Benjamin J. Cohen and Sachin Chitta and Maxim Likhachev},
  title     = {E-Graphs: Bootstrapping Planning with Experience Graphs},
  booktitle = {Robotics: Science and Systems},
  year      = {2012},
  ee        = {http://www.roboticsproceedings.org/rss08/p43.html}
}

@inproceedings{bohlin2000path,
  title={Path planning using lazy PRM},
  author={Bohlin, Robert and Kavraki, EE},
  booktitle={Robotics and Automation, 2000. Proceedings. ICRA'00. IEEE International Conference on},
  volume={1},
  pages={521--528},
  year={2000},
  organization={IEEE}
}

@inproceedings{pan2012fcl,
  title={FCL: A general purpose library for collision and proximity queries},
  author={Pan, Jia and Chitta, Sachin and Manocha, Dinesh},
  booktitle={Robotics and Automation (ICRA), 2012 IEEE International Conference on},
  pages={3859--3866},
  year={2012},
  organization={IEEE}
}

@inproceedings{cohen2012generic,
  title={A generic infrastructure for benchmarking motion planners},
  author={Cohen, Benjamin and Sucan, Ioan Alexandru and Chitta, Sachin},
  booktitle={Intelligent Robots and Systems (IROS), 2012 IEEE/RSJ International Conference on},
  pages={589--595},
  year={2012},
  organization={IEEE}
}
@article{cohen2013single,
  title={Single-and dual-arm motion planning with heuristic search},
  author={Cohen, Benjamin and Chitta, Sachin and Likhachev, Maxim},
  journal={The International Journal of Robotics Research},
  pages={0278364913507983},
  year={2013},
  publisher={SAGE Publications}
}
